<record><leader>00000cas a22000007a 4500</leader><controlfield tag="001">11713426</controlfield><controlfield tag="008">850220d18511852inuwr ne      0    0eng d</controlfield><datafield ind1=" " ind2=" " tag="010"><subfield code="a">sn 85047693 </subfield></datafield><datafield ind1=" " ind2=" " tag="040"><subfield code="a">NPI</subfield><subfield code="b">eng</subfield><subfield code="c">NPI</subfield><subfield code="d">OCLCQ</subfield></datafield><datafield ind1=" " ind2=" " tag="042"><subfield code="a">msc</subfield></datafield><datafield ind1="0" ind2=" " tag="130"><subfield code="a">Herald and mirror (Rising Sun, Ind.)</subfield></datafield><datafield ind1="1" ind2="4" tag="245"><subfield code="a">The herald and mirror.</subfield></datafield><datafield ind1=" " ind2=" " tag="260"><subfield code="a">Rising Sun, Ind. :</subfield><subfield code="b">Charles C. Scott,</subfield><subfield code="c">1851-</subfield></datafield><datafield ind1=" " ind2=" " tag="300"><subfield code="a">v. :</subfield><subfield code="b">ill. (chiefly advertisements) ;</subfield><subfield code="c">56 cm.</subfield></datafield><datafield ind1=" " ind2=" " tag="310"><subfield code="a">Weekly</subfield></datafield><datafield ind1="0" ind2=" " tag="362"><subfield code="a">Vol. 1, no. 29 = vol. 2, no. 15 (Mar. 13, 1851)-</subfield></datafield><datafield ind1="1" ind2=" " tag="362"><subfield code="a">Ceased in 1852</subfield><subfield code="z">Cf. Miller, John W. Indiana newspaper bibliog.</subfield></datafield><datafield ind1=" " ind2=" " tag="500"><subfield code="a">Editor: &lt;1851&gt;, W.T. Pepper.</subfield></datafield><datafield ind1=" " ind2=" " tag="515"><subfield code="a">The Herald and mirror carries two volume/number designations--one from the Rising Sun herald and one from the Rising Sun mirror.</subfield></datafield><datafield ind1=" " ind2=" " tag="752"><subfield code="a">United States</subfield><subfield code="b">Indiana</subfield><subfield code="c">Ohio</subfield><subfield code="d">Rising Sun.</subfield></datafield><datafield ind1="0" ind2="4" tag="780"><subfield code="t">Rising Sun herald (Rising Sun, Ind. : 1850)</subfield><subfield code="w">(DLC)sn 85007692</subfield></datafield><datafield ind1="0" ind2="4" tag="780"><subfield code="t">Rising Sun mirror</subfield><subfield code="w">(DLC)sn 85007691</subfield></datafield><datafield ind1="1" ind2=" " tag="029"><subfield code="a">AU@</subfield><subfield code="b">000025838069</subfield></datafield></record>